<?xml version="1.0" encoding="UTF-8"?><record xmlns="http://www.loc.gov/MARC21/slim" xmlns:cinclude="http://apache.org/cocoon/include/1.0" xmlns:zs="http://www.loc.gov/zing/srw/">
  <leader>00363nz  a2200133n  4500</leader>
  <controlfield tag="001">ns2012001864</controlfield>
  <controlfield tag="003">DLC</controlfield>
  <controlfield tag="005">20120511075322.0</controlfield>
  <controlfield tag="008">120509n| acannaabn           n aaa     c</controlfield>
  <datafield tag="010" ind1=" " ind2=" ">
    <subfield code="a">ns2012001864</subfield>
  </datafield>
  <datafield tag="035" ind1=" " ind2=" ">
    <subfield code="a">(CaEvSKY)skya9910611</subfield>
  </datafield>
  <datafield tag="040" ind1=" " ind2=" ">
    <subfield code="a">MX-MxITA</subfield>
    <subfield code="b">eng</subfield>
    <subfield code="c">MX-MxITA</subfield>
  </datafield>
  <datafield tag="100" ind1="1" ind2=" ">
    <subfield code="a">Eloﾌ《egui, Tristaﾌ］</subfield>
  </datafield>
  <datafield tag="670" ind1=" " ind2=" ">
    <subfield code="a">El arte de medir, c2011:</subfield>
    <subfield code="b">t.p. (Tristaﾌ］ Eloﾌ《egui)</subfield>
  </datafield>
</record>